%--------------------------------------------------------------------
% Structure

% 0. Software failures 
% 1. Analyzers 
% 2. Coding Standarts 
% 3. Internet resources 
% 4. Articles 
%    - Coding Standarts
%    - Generations of Static Analysis
%    - Benchmarks
%    - Testing
%    - IR Analysis
%    - Binary Analysis
% 5. Books 
% 6. Standarts
% 7. Conferences
% Examples 

%--------------------------------------------------------------------
% 0. Software failures 
@inproceedings{Lions1996ARIANE5F,
  title         = {ARIANE 5 Flight 501 Failure: Report by the Enquiry Board},
  author        = {J. L. Lions},
  year          = {1996}
}

%--------------------------------------------------------------------
% 1. Analazers
@online{Klocwork,
  title         = {Rogue Wave Software, Klocwork},
  author        = {Perforce-Software-Inc.},
  medium        = {Электронный ресурс},
  url           = {https://www.perforce.com/products/klocwork},
  urldate       = {03.01.2021},
  language      = {english}
}

@online{Codesonar,
  title         = {GrammaTech, CodeSonar},
  author        = {GrammaTech-Inc.},
  medium        = {Электронный ресурс},
  url           = {https://www.grammatech.com/codesonar-cc},
  urldate       = {03.01.2021},
  language      = {english}
}

@online{Polyspace,
  title         = {Mathworks, Polyspace Bug Finder},
  author        = {The-MathWorks-Inc.},
  medium        = {Электронный ресурс},
  url           = {https://www.mathworks.com/products/polyspace-bug-finder.html},
  urldate       = {03.01.2021},
  language      = {english}
}

@online{Coverity,
  title         = {Synopsys, Coverity},
  author        = {Synopsys-Inc.},
  medium        = {Электронный ресурс},
  url           = {https://scan.coverity.com},
  urldate       = {03.01.2021},
  language      = {english}
}

@online{Astree,
  title         = {AbsInt Angewandte Informatik GmbH, Astree},
  author        = {AbsInt},
  medium        = {Электронный ресурс},
  url           = {https://www.absint.com/astree/index.htm},
  urldate       = {03.01.2021},
  language      = {english}
}

@online{Frama,
  title         = {The Frama-C platform web site, Frama-C},
  author        = {FRAMA-C},
  medium        = {Электронный ресурс},
  url           = {https://frama-c.com},
  urldate       = {03.01.2021},
  language      = {english}
}

@online{Polyspace2prover,
  title         = {Mathworks, Polyspace Code Prover},
  author        = {The-MathWorks-Inc.},
  medium        = {Электронный ресурс},
  url           = {https://www.mathworks.com/products/polyspace-code-prover.html},
  urldate       = {03.01.2021},
  language      = {english}
}

@online{Codepeer,
  title         = {CodePeer},
  author        = {AdaCore},
  medium        = {Электронный ресурс},
  url           = {https://www.adacore.com/codepeer},
  urldate       = {03.01.2021},
  language      = {english}
}

@online{Pylint,
  title         = {Pylint},
  author        = {Pylint-Community},
  medium        = {Электронный ресурс},
  url           = {https://www.pylint.org},
  urldate       = {03.01.2021},
  language      = {english}
}

% template
@online{T1,
  title         = {},
  author        = {},
  medium        = {Электронный ресурс},
  url           = {},
  urldate       = {03.01.2021},
  language      = {english}
}

%--------------------------------------------------------------------
% 2. Coding standarts
@BOOK{Misrac1998,
  title         = {MISRA-C:1998 Guidelines for the use of the C language in vehicle based sofware},
  address       = {Nuneaton, Warwickshire CV10 0TU, UK},
  publisher     = {MIRA Ltd},
  year          = {1998},
  language      = {english}
}

@BOOK{Misrac2004,
  title         = {MISRA-C:2004 Guidelines for the use of the C language in critical systems},
  address       = {Nuneaton, Warwickshire CV10 0TU, UK},
  publisher     = {MIRA Ltd},
  year          = {2004},
  language      = {english}
}

@BOOK{Misrac2008,
  % author      = {Motor Industry Software Reliability Association},
  title         = {MISRA C++:2008 Guidelines for the use of the C++ language in critical systems},
  address       = {Nuneaton, Warwickshire CV10 0TU, UK},
  publisher     = {MIRA Ltd},
  year          = {2008},
  language      = {english}
}

@BOOK{Misrac2012,
  title         = {MISRA C:2012 Guidelines for the use of the C++ language in critical systems},
  address       = {Nuneaton, Warwickshire CV10 0TU, UK},
  publisher     = {MIRA Ltd},
  year          = {2012},
  language      = {english}
}

@online{barrc,
  title         = {BARR-C:2018 - Embedded C Coding Standard},
  author        = {M. Barr},
  year          = {2018},
  medium        = {Электронный ресурс},
  url           = {https://barrgroup.com},
  urldate       = {04.02.2021},
  language      = {english}
}

@BOOK{CERT,
  title         = {SEI CERT C Coding Standard: Rules for Developing Safe, Reliable, and Secure Systems, 2016th ed.},
  publisher     = {Software Engineering, Carnegie Mellon University},
  year          = {2016},
  language      = {english}
}

@BOOK{JPL,
  title         = {JPL institutional coding standard for the C programming language},
  publisher     = {Jet Propulsion Laboratory, California Institute of Technology},
  year          = {2009},
  language      = {english}
}

@book{autosar,
  title         = {guidelines for the use of the c++14 language in critical and safety-related systems},
  publisher     = {autosar},
  year          = {2017},
  language      = {english}
}

@book{highIntegrity,
  title         = {High Integrity C++},
  address       = {United Kingdom},
  publisher     = {Programming Research Ltd},
  year          = {2013},
  numpages      = {155},
  language      = {english}
}

@book{escrC,
  title         = {Embedded System development Coding Reference guide, C Language Edition},
  address       = {Japan},
  publisher     = {Software Reliability Enhancement Center, Technology Headquarters, Information-technology Promotion Agency},
  year          = {2018},
  numpages      = {206},
  language      = {english}
}

@book{escrCPP,
  title         = {Embedded System development Coding Reference guide, C++ Language Edition},
  address       = {Japan},
  publisher     = {Software Reliability Enhancement Center, Technology Headquarters, Information-technology Promotion Agency},
  year          = {2013},
  numpages      = {222},
  language      = {english}
}

@article{powerOfTen,
  title         = {The Power of Ten: Rules for Developing Safety-Critical Code},
  journal       = {IEEE Computer},
  year          = {2006},
  pages         = {93-95},
  language      = {english}
}

@BOOK{JSF,
  title         = {JSF Air vehicle C++ coding standards for the system development and demonstration program},
  publisher     = {Lockheed Martin Corporation},
  year          = {2005},
  language      = {english}
}

% template
@BOOK{T2,
  author        = {},
  title         = {},
  address       = {},
  publisher     = {},
  year          = {},
  numpages      = {},
  language      = {}
}

% template
@online{T21,
  title         = {},
  author        = {},
  medium        = {Электронный ресурс},
  url           = {},
  urldate       = {},
  language      = {english}
}


%--------------------------------------------------------------------
% 3. Internet resources 
@online{Dijkstra,
  title         = {On the reliability of the programs},
  author        = {E. W. Dijkstra},
  medium        = {Электронный ресурс},
  url           = {https://www.cs.utexas.edu/users/EWD/ewd03xx/EWD303.PDF},
  urldate       = {07.01.2021},
  language      = {english}
}

@online{TiobeIndex,
  title         = {TIOBE Index for January 2021},
  author        = {TIOBE Software BV},
  medium        = {Электронный ресурс},
  url           = {https://www.tiobe.com/tiobe-index/},
  urldate       = {02.02.2021},
  language      = {english}
}

@online{ioccc,
  title         = {The International Obfuscated C Code Contest},
  author        = {Leo Broukhis, Simon Cooper, Landon Curt Noll},
  medium        = {Электронный ресурс},
  url           = {http://www.ioccc.org/years.html#2020},
  urldate       = {02.02.2021},
  language      = {english}
}

@online{NIST,
  title         = {NIST. National Institute of Standards and Technology SAMATE Reference Dataset (SRD) project},
  medium        = {Электронный ресурс},
  url           = {http://samate.nist.gov/SRD},
  urldate       = {10.02.2021},
  language      = {english}
}

@online{MITRE,
  title         = {Common Weakness Enumeration},
  author        = {MITRE Corporation},
  medium        = {Электронный ресурс},
  url           = {http://cwe.mitre.org/},
  urldate       = {10.02.2021},
  language      = {english}
}

@online{RiceT,
  title         = {Rice's theorem},
  medium        = {Электронный ресурс},
  url           = {https://en.wikipedia.org/wiki/Rice%27s_theorem},
  urldate       = {12.03.2021},
  language      = {english}
}

% template
@online{T3,
  title         = {},
  author        = {},
  medium        = {Электронный ресурс},
  url           = {},
  urldate       = {},
  language      = {english}
}

%--------------------------------------------------------------------
% 4. Articles

% Coding Standarts
@misc{bagnara2020barrc2018,
  title         = {BARR-C:2018 and MISRA C:2012: Synergy Between the Two Most Widely Used C Coding Standards}, 
  author        = {Roberto Bagnara and Michael Barr and Patricia M. Hill},
  year          = {2020},
  eprint        = {2003.06893},
  archivePrefix = {arXiv},
  primaryClass  = {cs.PL}
}

@misc{bagnara2018misra,
  title         = {The MISRA C Coding Standard and its Role in the Development and Analysis of Safety- and Security-Critical Embedded Software},
  author        = {Roberto Bagnara and Abramo Bagnara and Patricia M. Hill},
  year          = {2018},
  eprint        = {1809.00821},
  archivePrefix = {arXiv},
  primaryClass  = {cs.PL}
}

% Generations of Static Analysis
@INPROCEEDINGS{Johnson78lint,
    author      = {S. C. Johnson},
    title       = {Lint, a C Program Checker},
    booktitle   = {COMP. SCI. TECH. REP},
    year        = {1978},
    pages       = {78--1273},
    publisher   = {}
}

% Benchmarks 
@article{Zitser,
  author        = {M. Zitser and  R. Lippmann},
  title         = {Testing static analysis tools using exploitable buffer overflows from open source code},
  journal       = {International Symposium on Foundations of Software Engineering},
  year          = {2004},
  pages         = {97–106},
  language      = {english}
}

@article{Kratkiewicz,
  author        = {K. Kratkiewicz and R. Lippmann},
  title         = {Using a diagnostic corpus of C programs to evaluate buffer overflow detection by static analysis tools},
  journal       = {Workshop on the Evaluation of Software Defect Detection Tools},
  year          = {2005},
  month         = {6},
  language      = {english}
}

@article{BugBench,
  author        = {S. Lu and Z. Li},
  title         = {BugBench: A benchmark for evaluating bug detection tools},
  journal       = {In Proc. of Workshop on the Evaluation of Software Defect Detection Tools},
  year          = {2005},
  month         = {6},
  language      = {english}
}

@article{Faultbench,
  author        = {S. Heckman and L. Williams.},
  title         = {On establishing a benchmark for evaluating static analysis alert prioritization and classification techniques},
  journal       = {In Proc. of the Second ACM-IEEE International Symposium on Empirical Software Engineering and Measurement},
  year          = {2008},
  month         = {10},
  language      = {english}
}

@article{BegBunch,
  author        = {Cristina Cifuentes and Christian Hoermann and  Nathan Keynes and  Lian Li},
  title         = {BegBunch: Benchmarking for C bug detection tools},
  journal       = {},
  year          = {2009},
  number        = {},
  pages         = {},
  month         = {},
  note          = {},
  doi           = {10.1145/1555860.1555866},
  volume        = {},
  language      = {english}
}

% Testing 
@article{Hetzel,
  author        = {David Gelperin and Bill Hetzel},
  title         = {The growth of software testing},
  journal       = {Commun. ACM},
  year          = {1988},
  number        = {31},
  pages         = {687–695},
  month         = {},
  note          = {},
  volume        = {6},
  language      = {english}
}

@article{Baker,
  author        = {Baker C.},
  title         = {Review of D.D. McCracken’s “Digital Computer Programming”},
  journal       = {Mathematical Tables and Other Aids to Computation},
  year          = {1957},
  number        = {1},
  pages         = {298–305},
  month         = {10},
  note          = {},
  volume        = {60},
  language      = {english}
}

% IR Analysis
@InProceedings{10.1007/978-3-642-27705-4_12,
  author        = "Merz, Florian and Falke, Stephan and Sinz, Carsten",
  editor        = "Joshi, Rajeev and M{\"u}ller, Peter and Podelski, Andreas",
  title         = "LLBMC: Bounded Model Checking of C and C++ Programs Using a Compiler IR",
  booktitle     = "Verified Software: Theories, Tools, Experiments",
  year          = "2012",
  publisher     = "Springer Berlin Heidelberg",
  address       = "Berlin, Heidelberg",
  pages         = "146--161",
  isbn          = "978-3-642-27705-4"
}

@article{Chow2013IR,
  author        = {Chow, Fred},
  year          = {2013},
  month         = {12},
  pages         = {57-62},
  title         = {Intermediate Representation},
  volume        = {56},
  journal       = {Communications of the ACM},
  doi           = {10.1145/2534706.2534720}
}

% Binary Analysis
@inproceedings{Zeng2012StaticAO,
  title         = {Static Analysis on Binary Code},
  author        = {Bin Zeng},
  year          = {2012}
}

@article{Valgrind2008,
  author        = {Cabecinhas, Filipe and Lopes, Nuno and Crisostomo, Renato and Veiga, Luís},
  year          = {2008},
  month         = {11},
  pages         = {},
  title         = {Optimizing Binary Code Produced by Valgrind (Project Report on Virtual Execution Environments Course - AVExe)}
}

@book{10.5555/1481438, 
  author        = {Eagle, Chris}, 
  title         = {The IDA Pro Book: The Unofficial Guide to the World's Most Popular Disassembler}, 
  year          = {2008}, 
  isbn          = {1593271786}, 
  publisher     = {No Starch Press}, 
  address       = {USA}
}

% template
@article{t4,
  author        = {},
  title         = {},
  journal       = {},
  year          = {},
  number        = {},
  pages         = {},
  month         = {},
  note          = {},
  doi           = {},
  volume        = {},
  language      = {english}
}

% template
@article{t41,
  author        = {peter adams},
  title         = {the title of the work},
  journal       = {the name of the journal},
  year          = {1993},
  number        = {2},
  pages         = {201-213},
  month         = {7},
  note          = {an optional note},
  volume        = {4},
  language      = {english}
}

%--------------------------------------------------------------------
% 5. books
@book{Myers2004,
  author        = {G. J. Myers},
  title         = {The art of software testing. Second edition.},
  address       = {New Jersey},
  publisher     = {john wilson and sons inc. hoboken},
  year          = {2004},
  numpages      = {151},
  language      = {english}
}

@book{Myers1979,
  author        = {G. J. Myers},
  title         = {The Art of Software Testing},
  address       = {New York},
  year          = {1979},
  numpages      = {177},
  language      = {english}
}
% template
@book{t5,
  author        = {},
  title         = {},
  address       = {},
  publisher     = {},
  year          = {},
  numpages      = {},
  language      = {}
}

%--------------------------------------------------------------------
% 6. Standarts
@book{IEC61508,
  title         = {iec 61508-1:2010: functional safety of electrical electronic/programmable electronic safety-related systems},
  address       = {geneva, switzerland: iec},
  publisher     = {iec},
  year          = {2010},
  language      = {english}
}

@book{ISOIEC99899in1990,
  title         = {IEC 9899:1990: Programming Languages - C},
  address       = {C. Geneva, Switzerland},
  publisher     = {ISO/IEC},
  year          = {1990},
  language      = {english}
}

@book{ISOIEC99899in1999,
  title         = {IEC 9899:1999: Programming Languages - C},
  address       = {C. Geneva, Switzerland},
  publisher     = {ISO/IEC},
  year          = {1999},
  language      = {english}
}

% template
@book{t6,
  title         = {},
  address       = {},
  publisher     = {},
  year          = {},
  numpages      = {},
  language      = {english}
}

%--------------------------------------------------------------------
% 7. conferences 
@conference{astreeConf,
  author        = {P. Cousot and  R. Cousot and  J. Feret and  A. Min´e},
  title         = {varieties of static analyzers: a comparison with astree},
  booktitle     = {first joint ieee/ifip symposium on theoretical aspects of software engineering (tase 2007)},
  year          = {2007},
  pages         = {3-20},
  address       = {Shanghai, China},
  month         = {6},
  organization  = {IEEE Computer Society},
  language      = {english}
}

% template
@CONFERENCE{T7,
  author        = {},
  title         = {},
  booktitle     = {},
  year          = {},
  editor        = {},
  volume        = {},
  series        = {},
  pages         = {},
  address       = {},
  month         = {},
  organization  = {},
  publisher     = {},
  note          = {},
  language      = {english}
}

% template
@CONFERENCE{T71,
  author        = {Peter Draper},
  title         = {The title of the work},
  booktitle     = {The title of the book},
  year          = {1993},
  editor        = {The editor},
  volume        = {4},
  series        = {5},
  pages         = {213},
  address       = {The address of the publisher},
  month         = {7},
  organization  = {The organization},
  publisher     = {The publisher},
  note          = {An optional note},
  language      = {english}
}

%--------------------------------------------------------------------
% Examples
% ГОСТ Р 7.0.11-2011, Приложение Б, Книги
@BOOK{Sychev,
  author = {Сычёв, М. С.},
  title = {История Астраханского казачьего войска : учебное пособие},
  address = {Астрахань},
  publisher = {Волга},
  year = {2009},
  numpages = {231},
  language = {russian}
}

@BOOK{Sokolov,
  author = {Соколов, А. Н. and Сердобинцев, К. С.},
  editor = {Бочарова, В. М.},
  address = {Астрахань},
  publisher = {Калиниградский ЮИ МВД России},
  title = {Гражданское общество: проблемы формирования и развития (философский и юридический аспекты) : монография},
  year = {2009},
  numpages = {218},
  language = {russian}
}

@BOOK{Gaidaenko,
  author = {Гайдаенко, Т. А.},
  title = {Маркетинговое управление: принципы управленческих решений и российская практика},
  edition = {{}3-е изд, перераб. и доп.},
  address = {М.},
  publisher = {Эксмо: МИРБИС},
  year = {2008},
  numpages = {508},
  language = {russian}
}

@BOOK{Lermontov,
  author = {Лермонтов, Михаил Юрьевич},
  title = {Собрание сочинений: в 4 т.},
  address = {М.},
  publisher = {Терра-Кн. клуб},
  year = {2009},
  note = {4 т.},
  language = {russian}
}

@BOOK{Management,
  title = {Управление бизнесом : сборник статей},
  address = {Нижний новгород},
  publisher = {Изд-во Нижегородского университета},
  year = {2009},
  numpages = {243},
  language = {russian}
}

@BOOK{Borozda,
  author = {Борозда, И. В. and Воронин, Н. И. and Бушманов, А. В.},
  title = {Лечение сочетанных повреждений таза},
  address = {Владивосток},
  publisher = {Дальнаука},
  year = {2009},
  numpages = {195},
  language = {russian}
}

@BOOK{Marketing,
  author = {Михненков, О. В. and Коготкова, И. З. and Генкин, Е. В. and Сороко, Г. Я.},
  title = {Маркетинговые исследования в строительстве : учебное пособие для студентов специальности «Менеджмент организаций»},
  address = {М.},
  publisher = {Государственный университет управления},
  year = {2005},
  numpages = {59},
  language = {russian}
}

% ГОСТ Р 7.0.11-2011, Приложение Б, Нормативные правовые акты
@BOOK{Constitution,
  title = {Конституция Российской Федерации : офиц. текст.},
  address = {М.},
  publisher = {Маркетинг},
  year = {2001},
  numpages = {39},
  language = {russian}
}

@BOOK{FamilyCode,
  title = {Семейный кодекс Российской Федерации : [федер. закон: принят Гос. Думой 8 дек. 1995~г. : по состоянию на 3~янв. 2001~г.]},
  address = {СПб.},
  publisher = {Стаун-кантри},
  year = {2001},
  numpages = {94},
  language = {russian}
}

% ГОСТ Р 7.0.11-2011, Приложение Б, Стандарты
@BOOK{Gost.7.0.53,
  title = {ГОСТ Р 7.0.53-2007 Система стандартов по информации, библиотечному и издательскому делу. Издания. Международный стандартный книжный номер. Использование и издательское оформление.},
  address = {М.},
  publisher = {Стандартинформ},
  year = {2007},
  numpages = {5},
  language = {russian}
}

% ГОСТ Р 7.0.11-2011, Приложение Б, Депонированные научные работы
@BOOK{Razumovski,
  author = {Разумовский, В. А. and Андреев, Д. А.},
  title = {Управление маркетинговыми исследованиями в регионе},
  address = {М.},
  year = {2002},
  numpages = {210},
  note = {Деп. в ИНИОН Рос. акад. наук 15.02.02, № 139876},
  language = {russian}
}

% ГОСТ Р 7.0.11-2011, Приложение Б, Диссертации
@BOOK{Lagkueva,
  author = {Лагкуева, Ирина Владимировна},
  title = {Особенности регулирования труда творческих работников театров : дис. ... канд. юрид. наук : 12.00.05},
  address = {М.},
  year = {2009},
  numpages = {168},
  language = {russian}
}

@BOOK{Pokrovski,
  author = {Покровский, Андрей Владимирович},
  title = {Устранимые особенности решений эллиптических уравнений : дис. ... д-ра физ.-мат. наук : 01.01.01},
  address = {М.},
  year = {2008},
  numpages = {178},
  language = {russian}
}

% ГОСТ Р 7.0.11-2011, Приложение Б, Авторефераты диссертаций
@BOOK{Sirotko,
  author = {Сиротко, Владимир Викторович},
  title = {Медико-социальные аспекты городского травматизма в современных условиях : автореф. дис. ... канд. мед. наук : 14.00.33},
  address = {М.},
  year = {2006},
  numpages = {26},
  language = {russian}
}

% !!! этот пример НЕ работает с bibtex
% Тот же пример, с использованием https://www.ctan.org/pkg/biblatex-gost
@THESIS{Sirotko2,
  author =       {Сиротко, Владимир Викторович},
  title =        {Медико-социальные аспекты городского травматизма в современных условиях},
  media =        {text},
  type =         {phdautoref},
  science =      {мед. наук},
  specialitycode ={14.00.33},
  address =      {М.},
  year =         {2006},
  pagetotal =    {26},
  language =     {russian},
}

@BOOK{Lukina,
  author = {Лукина, Валентина Александровна},
  title = {Творческая история «Записок охотника» И. С. Тургенева : автореф. дис. ... канд. филол. наук : 10.01.01},
  address = {СПб.},
  year = {2006},
  numpages = {26},
  language = {russian}
}

% !!! этот пример НЕ работает с bibtex
% Тот же пример, с использованием https://www.ctan.org/pkg/biblatex-gost
@THESIS{Lukina2,
  author =       {Лукина, Валентина Александровна},
  title =        {Творческая история «Записок охотника» И. С. Тургенева},
  media =        {text},
  type =         {phdautoref},
  science =      {филол. наук},
  specialitycode ={10.01.01},
  address =      {СПб.},
  year =         {2006},
  pagetotal =    {26},
  language =     {russian},
}

% ГОСТ Р 7.0.11-2011, Приложение Б, Отчёты о научно-исследовательской работе
@BOOK{Methodology,
  author = {Загорюев, А. Л.},
  title = {Методология и методы изучения военно-профессиональной направленности подростков : отчёт о НИР},
  address = {Екатеринбург},
  institution = {Уральский институт практической психологии},
  year = {2008},
  numpages = {102},
  language = {russian}
}

% ГОСТ Р 7.0.11-2011, Приложение Б, Электронные ресурсы
@BOOK{Encyclopedia,
  title = {Художественная энциклопедия зарубежного классического искусства [Электронный ресурс]},
  address = {М.},
  publisher = {Большая Рос. энкцикл.},
  year = {1996},
  note = {1 электрон. опт. диск (CD-ROM)},
  language = {russian}
}

% !!! этот пример НЕ работает с bibtex
% Тот же пример, с использованием https://www.ctan.org/pkg/biblatex-gost
@BOOK{Encyclopedia2,
  title = {Художественная энциклопедия зарубежного классического искусства},
  address = {М.},
  media = {eresource},
  publisher = {Большая Рос. энкцикл.},
  year = {1996},
  note = {1 электрон. опт. диск (CD-ROM)},
  language = {russian},
}

@ARTICLE{Nasirova,
  author =       {Насырова, Г. А.},
  title =        {Модели государственного регулирования страховой деятельности
                  [Электронный ресурс]},
  journal =      {Вестник Финансовой академии},
  year =         {2003},
  number =       {4},
  note =         {Режим доступа: http://vestnik.fa.ru/4(28)2003/4.html},
  language =     {russian}
}

@ARTICLE{Nasirova2,
  author = {Насырова, Г. А.},
  title = {Модели государственного регулирования страховой деятельности},
  journal = {Вестник Финансовой академии},
  year = {2003},
  media = {eresource},
  number = {4},
  note = {Режим доступа: http://vestnik.fa.ru/4(28)2003/4.html},
  language = {russian}
}

% ГОСТ Р 7.0.11-2011, Приложение Б, Статьи

@ARTICLE{Berestova,
  author = {Берестова, Т. Ф.},
  title = {Поисковые инструменты библиотеки},
  journal = {Библиография},
  year = {2006},
  number = {4},
  pages = {19},
  language = {russian}
}

@ARTICLE{Kriger,
  author = {Кригер, И.},
  title =  {Бумага терпит},
  journal = {Новая газета},
  year = {2009},
  note = {1 июля},
  language = {russian}
}


% Examples from https://verbosus.com/bibtex-style-examples.html
@ARTICLE{Article,
  author   = {Peter Adams},
  title    = {The title of the work},
  journal  = {The name of the journal},
  year     = {1993},
  number   = {2},
  pages    = {201-213},
  month    = {7},
  note     = {An optional note},
  volume   = {4},
  language = {english}
}

@BOOK{Book,
  author    = {Peter Babington},
  title     = {The title of the work},
  publisher = {The name of the publisher},
  year      = {1993},
  volume    = {4},
  series    = {10},
  address   = {The address},
  edition   = {3},
  month     = {7},
  note      = {An optional note},
  isbn      = {3257227892},
  language  = {english}
}

@BOOKLET{Booklet,
  title        = {The title of the work},
  author       = {Peter Caxton},
  howpublished = {How it was published},
  address      = {The address of the publisher},
  month        = {7},
  year         = {1993},
  note         = {An optional note},
  language     = {english}
}

@CONFERENCE{Conference,
  author       = {Peter Draper},
  title        = {The title of the work},
  booktitle    = {The title of the book},
  year         = {1993},
  editor       = {The editor},
  volume       = {4},
  series       = {5},
  pages        = {213},
  address      = {The address of the publisher},
  month        = {7},
  organization = {The organization},
  publisher    = {The publisher},
  note         = {An optional note},
  language     = {english}
}

@INBOOK{Inbook,
  author       = {Peter Eston},
  title        = {The title of the work},
  booktitle    = {Book title},
  chapter      = {8},
  pages        = {201-213},
  publisher    = {The name of the publisher},
  year         = {1993},
  volume       = {4},
  series       = {5},
  address      = {The address of the publisher},
  edition      = {3},
  month        = {7},
  note         = {An optional note},
  language     = {english}
}

@INCOLLECTION{Incollection,
  author       = {Peter Farindon},
  title        = {The title of the work},
  booktitle    = {The title of the book},
  publisher    = {The name of the publisher},
  year         = {1993},
  editor       = {The editor},
  volume       = {4},
  series       = {5},
  chapter      = {8},
  pages        = {201-213},
  address      = {The address of the publisher},
  edition      = {3},
  month        = {7},
  note         = {An optional note},
  language     = {english}
}

@MANUAL{Manual,
  title        = {The title of the work},
  author       = {Peter Gainsford},
  organization = {The organization},
  address      = {The address of the publisher},
  edition      = {3},
  month        = {7},
  year         = {1993},
  note         = {An optional note},
  language     = {english}
}

@MASTERSTHESIS{Mastersthesis,
  author       = {Peter Harwood},
  title        = {The/ title of the work},
  school       = {The school where the thesis was written},
  year         = {1993},
  address      = {The address of the publisher},
  month        = {7},
  note         = {An optional note},
  language     = {english}
}

@MISC{Misc,
  author       = {Peter Isley},
  title        = {The title of the work},
  howpublished = {How it was published},
  month        = {7},
  year         = {1993},
  note         = {An optional note},
  language     = {english}
}

@PHDTHESIS{Phdthesis,
  author       = {Peter Joslin},
  title        = {The title of the work},
  school       = {The school where the thesis was written},
  year         = {1993},
  address      = {The address of the publisher},
  month        = {7},
  note         = {An optional note},
  language     = {english}
}

@PROCEEDINGS{Proceedings,
  title        = {The title of the work},
  year         = {1993},
  editor       = {Peter Kidwelly},
  volume       = {4},
  series       = {5},
  address      = {The address of the publisher},
  month        = {7},
  organization = {The organization},
  publisher    = {The name of the publisher},
  note         = {An optional note},
  language     = {english}
}

@TECHREPORT{Techreport,
  author       = {Peter Lambert},
  title        = {The title of the work},
  institution  = {The institution that published},
  year         = {1993},
  number       = {2},
  address      = {The address of the publisher},
  month        = {7},
  note         = {An optional note},
  language     = {english}
}

@UNPUBLISHED{Unpublished,
  author       = {Peter Marcheford},
  title        = {The title of the work},
  note         = {An optional note},
  month        = {7},
  year         = {1993},
  language     = {english}
}

%%% Реальные примеры

% Инициалы должны быть записаны после запятой, с точками, через пробел
% http://www.kit-e.ru/articles/elcomp/2006_12_124.php
% Подчёркивания в ссылке приходится экранировать
% http://www.kit-e.ru/articles/elcomp/2006\_12\_124.php
@online{medvedev2006jelektronnye,
  title={Электронные компоненты и монтажные подложки},
  author={Медведев, А. М.},
  %journal={Компоненты и технологии},
  %number={12},
  %pages={124--134},
  %year={2006},
  medium={Электронный ресурс},
  url = {http://www.kit-e.ru/articles/elcomp/2006\_12\_124.php},
  urldate = {19.01.2015},
  language = {russian}
}

% Real example
% & в названии журнала надо экранировать
% 10.1002/1521-4125(200007)23:7<581::AID-CEAT581>3.0.CO;2-P
% < > в ссылке приходится экранировать %3C и %3E, а потом ещё знаки процента в них экранировать
% 10.1002/1521-4125(200007)23:7%3C581::AID-CEAT581%3E3.0.CO;2-P
% 10.1002/1521-4125(200007)23:7\%3C581::AID-CEAT581\%3E3.0.CO;2-P
% url не нужен. если запись о бумажной публикации
@article {CEAT:CEAT581,
  author = {Deiters, U. K.},
  title = {A Modular Program System for the Calculation of Thermodynamic Properties of Fluids},
  journal = {Chemical Engineering \& Technology},
  volume = {23},
  number = {7},
  publisher = {WILEY-VCH Verlag},
  issn = {1521-4125},
  doi = {10.1002/1521-4125(200007)23:7<581::AID-CEAT581>3.0.CO;2-P},
  pages = {581--584},
  year = {2000},
  language = {english}
}

% Real with  4 authors
@article{doi:10.1080/01932691.2010.513279,
  author = {Young-Sang Cho and Young Kuk Kim and Kook Chae Chung and Chul Jin Choi },
  title = {Deformation of Colloidal Crystals for Photonic Band Gap Tuning},
  journal = {Journal of Dispersion Science and Technology},
  volume = {32},
  number = {10},
  pages = {1408-1415},
  year = {2011},
  doi = {10.1080/01932691.2010.513279},
  language = {english}
}

% doi with (), author with umlaut or other unicode or specific symbols, 9 authors
% latex don' Mt like Gösele1999161 in ref
% Умляуты в авторах понимаются из-за поддержки в юникодной странице pdflatex и xelatex
% Иллюстрация того, что будет. если на английской записи будут поставлена пометка, что язык русский
@article{Gosele1999161,
  title = "Wafer bonding for microsystems technologies",
  journal = "Sensors and Actuators A: Physical",
  volume = "74",
  number = "1–3",
  pages = "161 - 168",
  year = "1999",
  issn = "0924-4247",
  doi = "10.1016/S0924-4247(98)00310-0",
  author = "Gösele, U. and Tong, Q.-Y. and Schumacher, A. and Kräuter, G. and Reiche, M. and Plößl, A. and Kopperschmidt, P. and Lee, T.-H. and Kim, W.-J.",
  keywords = "Wafer bonding",
  keywords = "Fusion bonding",
  keywords = "Pressure sensors",
  keywords = "Interface reactions",
  keywords = "Hydrophilic bonding",
  keywords = "Hydrophobic bonding",
  language = {russian}
}

% Real example (from Google or Springer)
% unmodified styles don't know %language = {English}
% язык писать с маленьких
% иллюстрация incollection
% 10.1007/0-387-32989-7_45
% Подчёркивания в DOI приходится экранировать
% 10.1007/0-387-32989-7\_45
@incollection{Li2007StressAnalysis,
  year={2007},
  isbn={978-0-387-27974-9},
  booktitle={Micro- and Opto-Electronic Materials and Structures: Physics, Mechanics, Design, Reliability, Packaging},
  editor={Suhir, E. and Lee, Y. C. and Wong, C. P.},
  doi={10.1007/0-387-32989-7_45},
  title={Stress Analysis for Processed Silicon Wafers and Packaged Micro-devices},
  publisher={Springer US},
  author={Li, Li and Guo, Yifan and Zheng, Dawei},
  pages={B677-B709},
  language={english}
}

% Real, β sign
% inputenc don't know β sign %aluminosilicate-β-quartz
% Знаки типа β, которые не знает таблица кодировки, с которой работает компилятор нужно заменять на latex команды
% doi должен быть без http://dx.doi.org/
@article{Shoji199895,
title = "Low-temperature anodic bonding using lithium aluminosilicate-\(\beta\)-quartz glass ceramic",
journal = "Sensors and Actuators A: Physical",
volume = "64",
number = "1",
pages = "95 - 100",
year = "1998",
note = "Tenth {IEEE} International Workshop on Micro Electro Mechanical Systems ",
issn = "0924-4247",
doi = "10.1016/S0924-4247(97)01659-2",
author = {Shuichi Shoji and Hiroto Kikuchi and Hirotaka Torigoe},
keywords = "Anodic bonding",
keywords = "Low-temperature bonding",
keywords = "Micro assembly",
keywords = "Micro package",
keywords = "Glass ceramic",
}


% from urlbst package
% Example from Jason Eisner, by mail (nothing special about the entry,
% but he seemed to be having formatting problems with unsrturl and proceedings
% entries.
% http://cs.jhu.edu/~jason/papers/#icassp07
@InProceedings{test:eisner-sample,
  author =       {Damianos Karakos and Sanjeev Khudanpur and Jason
                  Eisner and Carey~E. Priebe},
  title =        {Iterative denoising using {J}ensen-{R}enyi
                  divergences with an application to unsupervised
                  document categorization},
  booktitle =    {Proceedings of ICASSP},
  year =         2007,
  url =          {http://cs.jhu.edu/~jason/papers/\#icassp07}
}

@InProceedings{test:eisner-sample-shorted,
  author =       {Damianos Karakos and Sanjeev Khudanpur and Jason
                  Eisner and Carey~E. Priebe},
  title =        {Iterative denoising using {J}ensen-{R}enyi
                  divergences with an application to unsupervised
                  document categorization},
  booktitle =    {Proceedings of ICASSP},
  shortbooktitle = {Proc. of ICASSP},
  year =         2007,
  url =          {http://cs.jhu.edu/~jason/papers/\#icassp07}
}

% Попытка записать патент имеющимися средствами
@Book{iofis_patent1960,
  title                    = {Способ пайки керамики с~керамикой и~стекла с~металлом : а.\,с.~126728 СССР},
  author                   = {Иофис, Н. А.},
  year                     = {1960},
  numpages                 = {Бюл. № 5.~1},
  language                 = {russian}
}

% Попытка записать патент имеющимися средствами
@Book{AB_patent_Pomerantz_1968,
  title                    = {Anodic bonding : patent no. 3397278 US},
  author                   = {Pomerantz, D. I.},
  year                     = {1968},
  language                 = {english}
}

% !!! этот пример НЕ работает с bibtex
% Примеры оформления патентов из пакета https://www.ctan.org/pkg/biblatex-gost
@Patent{patent2h,
  heading =      {Заявка 1095735 Рос. федерация, МПК\ensuremath{^7} B 64 G 1/00},
  author =       {Тернер, Э. В.},
  authortype =   {США},
  title =        {Одноразовая ракета-носитель},
  media =        {text},
  holder =       {{заявитель Спейс Системз/Лорал, инк.}},
  credits =      {патент. поверенный Егорова Г. Б.},
  reqnumber =    {2000108705/28},
  date =         {2000-04-07},
  publdate =     {2001-03-10},
  publication =  {Бюл. № 7 (I ч.)\midsentence},
  prdate =       {1999-04-09},
  prnumber =     {09/289, 037},
  prcountry =    {countryus},
  pagetotal =    {5 с.~: ил.},
  language =     {russian},
}

@Patent{patent3h,
  heading =      {А. с. 1007970 СССР, МКИ\ensuremath{^3} В 25.1 15/00},
  author =       {В. С. Ваулин and В. Г. Кемайкин},
  authortype =   {СССР},
  title =        {Устройство для захвата неориентированных деталей типа валов},
  media =        {text},
  reqnumber =    {3360585/25-08},
  date =         {1981-11-23},
  publication =  {Бюл. № 12},
  publdate =     {1983-03-30},
  pagetotal =    {2 с.~: ил.},
  language =     {russian},
}

@Patent{patent2,
  author =       {Тернер, Э. В.},
  authortype =   {США},
  title =        {Одноразовая ракета-носитель},
  media =        {text},
  type =         {patreq},
  number =       1095735,
  location =     {countryru},
  ipc =          {МПК\ensuremath{^7} B 64 G 1/00},
  holder =       {{заявитель Спейс Системз/Лорал, инк.}},
  credits =      {патент. поверенный Егорова Г. Б.},
  reqnumber =    {2000108705/28},
  date =         {2000-04-07},
  publdate =     {2001-03-10},
  publication =  {Бюл. № 7 (I ч.)\midsentence},
  prioritydate = {1999-04-09},
  prioritynumber ={09/289, 037},
  prioritycountry ={countryus},
  pagetotal =    {5 с.~: ил.},
  language =     {russian},
}
